<record><leader>00000cas a22000007a 4500</leader><controlfield tag="001">1759886</controlfield><controlfield tag="008">751101d18861970mnuwr ne      0    0eng d</controlfield><datafield ind1=" " ind2=" " tag="010"><subfield code="a">sn 89081002 </subfield></datafield><datafield ind1=" " ind2=" " tag="040"><subfield code="a">MUL</subfield><subfield code="b">eng</subfield><subfield code="c">MUL</subfield><subfield code="d">MN#</subfield><subfield code="d">OCLCQ</subfield></datafield><datafield ind1=" " ind2=" " tag="042"><subfield code="a">msc</subfield></datafield><datafield ind1=" " ind2=" " tag="043"><subfield code="a">n-us-mn</subfield></datafield><datafield ind1=" " ind2=" " tag="052"><subfield code="a">4144</subfield><subfield code="b">N34</subfield></datafield><datafield ind1=" " ind2=" " tag="052"><subfield code="a">4143</subfield><subfield code="b">K4</subfield></datafield><datafield ind1="0" ind2=" " tag="130"><subfield code="a">New London times (New London, Minn. : 1886)</subfield></datafield><datafield ind1="1" ind2="0" tag="245"><subfield code="a">New London times.</subfield></datafield><datafield ind1=" " ind2=" " tag="260"><subfield code="a">New London, Minn. :</subfield><subfield code="b">Victor L. Lawson,</subfield><subfield code="c">-1970.</subfield></datafield><datafield ind1=" " ind2=" " tag="300"><subfield code="a">v.</subfield></datafield><datafield ind1=" " ind2=" " tag="310"><subfield code="a">Weekly</subfield></datafield><datafield ind1="1" ind2=" " tag="362"><subfield code="a">Began in 1886.</subfield></datafield><datafield ind1="0" ind2=" " tag="362"><subfield code="a">-v. 84 (Oct. 8, 1970).</subfield></datafield><datafield ind1=" " ind2=" " tag="530"><subfield code="a">Available on microfilm from the Minnesota Historical Society.</subfield></datafield><datafield ind1=" " ind2=" " tag="588"><subfield code="a">Description based on: Vol. 7, no. 22 (Jan. 28, 1893).</subfield></datafield><datafield ind1=" " ind2=" " tag="752"><subfield code="a">United States</subfield><subfield code="b">Minnesota</subfield><subfield code="c">Kandiyohi</subfield><subfield code="d">New London.</subfield></datafield><datafield ind1="0" ind2="5" tag="780"><subfield code="t">Green Lake breeze (Spicer, Minn. : 1955)</subfield></datafield><datafield ind1="0" ind2="0" tag="785"><subfield code="t">New London-Spicer times</subfield><subfield code="w">(DLC)sn 89081003</subfield></datafield></record>